@Article{voc07, 
   author = "Everingham, M. and Eslami, S. M. A. and Van~Gool, L. and Williams, C. K. I. and Winn, J. and Zisserman, A.", 
   title = "The Pascal Visual Object Classes Challenge: A Retrospective", 
   journal = "International Journal of Computer Vision", 
   volume = "111", 
   year = "2015", 
   number = "1", 
   month = jan, 
   pages = "98--136", 
} 
@article{coco,
  author    = {Tsung{-}Yi Lin and
               Michael Maire and
               Serge J. Belongie and
               Lubomir D. Bourdev and
               Ross B. Girshick and
               James Hays and
               Pietro Perona and
               Deva Ramanan and
               Piotr Doll{\'{a}}r and
               C. Lawrence Zitnick},
  title     = {Microsoft {COCO:} Common Objects in Context},
  journal   = {CoRR},
  volume    = {abs/1405.0312},
  year      = {2014},
  url       = {http://arxiv.org/abs/1405.0312},
  timestamp = {Thu, 03 Dec 2015 18:25:35 +0100},
  biburl    = {http://dblp.uni-trier.de/rec/bib/journals/corr/LinMBHPRDZ14},
  bibsource = {dblp computer science bibliography, http://dblp.org}
}
@inproceedings{imagenet,
        AUTHOR = {Deng, J. and Dong, W. and Socher, R. and Li, L.-J. and Li, K. and Fei-Fei, L.},
        TITLE = {{ImageNet: A Large-Scale Hierarchical Image Database}},
        BOOKTITLE = {CVPR09},
        YEAR = {2009},
        BIBSOURCE = "http://www.image-net.org/papers/imagenet_cvpr09.bib"}
@article{ssd,
  author    = {Wei Liu and
               Dragomir Anguelov and
               Dumitru Erhan and
               Christian Szegedy and
               Scott E. Reed and
               Cheng{-}Yang Fu and
               Alexander C. Berg},
  title     = {{SSD:} Single Shot MultiBox Detector},
  journal   = {CoRR},
  volume    = {abs/1512.02325},
  year      = {2015},
  url       = {http://arxiv.org/abs/1512.02325},
  timestamp = {Sat, 03 Dec 2016 18:39:03 +0100},
  biburl    = {http://dblp.uni-trier.de/rec/bib/journals/corr/LiuAESR15},
  bibsource = {dblp computer science bibliography, http://dblp.org}
}
@book{salton,
 author = {Salton, Gerard and McGill, Michael J.},
 title = {Introduction to Modern Information Retrieval},
 year = {1986},
 isbn = {0070544840},
 publisher = {McGraw-Hill, Inc.},
 address = {New York, NY, USA},
}
 
@inproceedings{pets,
 author = {Ferryman, J. and Ellis, A.},
 title = {PETS2010: Dataset and Challenge},
 booktitle = {Proceedings of the 2010 7th IEEE International Conference on Advanced Video and Signal Based Surveillance},
 series = {AVSS '10},
 year = {2010},
 isbn = {978-0-7695-4264-5},
 pages = {143--150},
 numpages = {8},
 url = {http://dx.doi.org/10.1109/AVSS.2010.90},
 doi = {10.1109/AVSS.2010.90},
 acmid = {1900909},
 publisher = {IEEE Computer Society},
 address = {Washington, DC, USA},
} 

@article{mot,
  author    = {Laura Leal{-}Taix{\'{e}} and
               Anton Milan and
               Ian D. Reid and
               Stefan Roth and
               Konrad Schindler},
  title     = {MOTChallenge 2015: Towards a Benchmark for Multi-Target Tracking},
  journal   = {CoRR},
  volume    = {abs/1504.01942},
  year      = {2015},
  url       = {http://arxiv.org/abs/1504.01942},
  timestamp = {Tue, 15 Sep 2015 07:40:20 +0200},
  biburl    = {http://dblp.uni-trier.de/rec/bib/journals/corr/Leal-TaixeMRRS15},
  bibsource = {dblp computer science bibliography, http://dblp.org}
}

@Inbook{clear,
author="Stiefelhagen, Rainer
and Bernardin, Keni
and Bowers, Rachel
and Garofolo, John
and Mostefa, Djamel
and Soundararajan, Padmanabhan",
editor="Stiefelhagen, Rainer
and Garofolo, John",
title="The CLEAR 2006 Evaluation",
bookTitle="Multimodal Technologies for Perception of Humans: First International Evaluation Workshop on Classification of Events, Activities and Relationships, CLEAR 2006, Southampton, UK, April 6-7, 2006, Revised Selected Papers",
year="2007",
publisher="Springer Berlin Heidelberg",
address="Berlin, Heidelberg",
pages="1--44",
isbn="978-3-540-69568-4",
doi="10.1007/978-3-540-69568-4_1",
url="http://dx.doi.org/10.1007/978-3-540-69568-4_1"
}

@INPROCEEDINGS{wu, 
author={Bo Wu and R. Nevatia}, 
booktitle={2006 IEEE Computer Society Conference on Computer Vision and Pattern Recognition (CVPR'06)}, 
title={Tracking of Multiple, Partially Occluded Humans based on Static Body Part Detection}, 
year={2006}, 
volume={1}, 
pages={951-958}, 
keywords={Assembly;Cameras;Detectors;Humans;Intelligent robots;Intelligent systems;Layout;Motion detection;Object detection;Videos}, 
doi={10.1109/CVPR.2006.312}, 
ISSN={1063-6919}, 
month={June},}

@incollection{alexnet,
title = {ImageNet Classification with Deep Convolutional Neural Networks},
author = {Alex Krizhevsky and Sutskever, Ilya and Hinton, Geoffrey E},
booktitle = {Advances in Neural Information Processing Systems 25},
editor = {F. Pereira and C. J. C. Burges and L. Bottou and K. Q. Weinberger},
pages = {1097--1105},
year = {2012},
publisher = {Curran Associates, Inc.},
url = {http://papers.nips.cc/paper/4824-imagenet-classification-with-deep-convolutional-neural-networks.pdf}
}

@incollection{fasterrcnn,
title = {Faster R-CNN: Towards Real-Time Object Detection with Region Proposal Networks},
author = {Ren, Shaoqing and He, Kaiming and Girshick, Ross and Sun, Jian},
booktitle = {Advances in Neural Information Processing Systems 28},
editor = {C. Cortes and N. D. Lawrence and D. D. Lee and M. Sugiyama and R. Garnett},
pages = {91--99},
year = {2015},
publisher = {Curran Associates, Inc.},
url = {http://papers.nips.cc/paper/5638-faster-r-cnn-towards-real-time-object-detection-with-region-proposal-networks.pdf}
}



@InProceedings{fastrcnn,
author = {Girshick, Ross},
title = {Fast R-CNN},
booktitle = {The IEEE International Conference on Computer Vision (ICCV)},
month = {December},
year = {2015}
}

@InProceedings{rcnn,
author = {Girshick, Ross and Donahue, Jeff and Darrell, Trevor and Malik, Jitendra},
title = {Rich Feature Hierarchies for Accurate Object Detection and Semantic Segmentation},
booktitle = {The IEEE Conference on Computer Vision and Pattern Recognition (CVPR)},
month = {June},
year = {2014}
}

@article{resnet,
  author    = {Kaiming He and
               Xiangyu Zhang and
               Shaoqing Ren and
               Jian Sun},
  title     = {Deep Residual Learning for Image Recognition},
  journal   = {CoRR},
  volume    = {abs/1512.03385},
  year      = {2015},
  url       = {http://arxiv.org/abs/1512.03385},
  timestamp = {Wed, 30 Mar 2016 23:40:00 +0200},
  biburl    = {http://dblp.uni-trier.de/rec/bib/journals/corr/HeZRS15},
  bibsource = {dblp computer science bibliography, http://dblp.org}
}

@inproceedings{inception,
title = {Going Deeper with Convolutions},
author  = {Christian Szegedy and Wei Liu and Yangqing Jia and Pierre Sermanet and Scott Reed and Dragomir Anguelov and Dumitru Erhan and Vincent Vanhoucke and Andrew Rabinovich},
year  = 2015,
URL = {http://arxiv.org/abs/1409.4842},
booktitle = {Computer Vision and Pattern Recognition (CVPR)}
}


@article{pvanet,
  author    = {Kye{-}Hyeon Kim and
               Yeongjae Cheon and
               Sanghoon Hong and
               Byung{-}Seok Roh and
               Minje Park},
  title     = {{PVANET:} Deep but Lightweight Neural Networks for Real-time Object
               Detection},
  journal   = {CoRR},
  volume    = {abs/1608.08021},
  year      = {2016},
  url       = {http://arxiv.org/abs/1608.08021},
  timestamp = {Fri, 02 Sep 2016 17:46:24 +0200},
  biburl    = {http://dblp.uni-trier.de/rec/bib/journals/corr/KimCHRP16},
  bibsource = {dblp computer science bibliography, http://dblp.org}
}

@article{yolo,
  author    = {Joseph Redmon and
               Santosh Kumar Divvala and
               Ross B. Girshick and
               Ali Farhadi},
  title     = {You Only Look Once: Unified, Real-Time Object Detection},
  journal   = {CoRR},
  volume    = {abs/1506.02640},
  year      = {2015},
  url       = {http://arxiv.org/abs/1506.02640},
  timestamp = {Wed, 01 Jul 2015 15:10:24 +0200},
  biburl    = {http://dblp.uni-trier.de/rec/bib/journals/corr/RedmonDGF15},
  bibsource = {dblp computer science bibliography, http://dblp.org}
}

@article{vgg,
  author    = {Karen Simonyan and
               Andrew Zisserman},
  title     = {Very Deep Convolutional Networks for Large-Scale Image Recognition},
  journal   = {CoRR},
  volume    = {abs/1409.1556},
  year      = {2014},
  url       = {http://arxiv.org/abs/1409.1556},
  timestamp = {Wed, 01 Oct 2014 15:00:05 +0200},
  biburl    = {http://dblp.uni-trier.de/rec/bib/journals/corr/SimonyanZ14a},
  bibsource = {dblp computer science bibliography, http://dblp.org}
}

@book{minski,
  added-at = {2013-12-05T10:32:26.000+0100},
  address = {Cambridge, MA},
  author = {Minsky, M. and Papert, S.},
  biburl = {https://www.bibsonomy.org/bibtex/24587aec0472c41d00c38bf3e888304ba/prlz77},
  interhash = {9ad5b73f68093070d73e54312145eca2},
  intrahash = {4587aec0472c41d00c38bf3e888304ba},
  keywords = {critic minsky papert perceptron},
  publisher = {MIT Press},
  timestamp = {2013-12-05T10:32:26.000+0100},
  title = {Perceptrons},
  year = 1969
}


@article{cnnComparision,
  author    = {Jonathan Huang and
               Vivek Rathod and
               Chen Sun and
               Menglong Zhu and
               Anoop Korattikara and
               Alireza Fathi and
               Ian Fischer and
               Zbigniew Wojna and
               Yang Song and
               Sergio Guadarrama and
               Kevin Murphy},
  title     = {Speed/accuracy trade-offs for modern convolutional object detectors},
  journal   = {CoRR},
  volume    = {abs/1611.10012},
  year      = {2016},
  url       = {http://arxiv.org/abs/1611.10012},
  timestamp = {Thu, 01 Dec 2016 19:32:08 +0100},
  biburl    = {http://dblp.uni-trier.de/rec/bib/journals/corr/HuangRSZKFFWSG016},
  bibsource = {dblp computer science bibliography, http://dblp.org}
}


@article{rfcn,
  author    = {Jifeng Dai and
               Yi Li and
               Kaiming He and
               Jian Sun},
  title     = {{R-FCN:} Object Detection via Region-based Fully Convolutional Networks},
  journal   = {CoRR},
  volume    = {abs/1605.06409},
  year      = {2016},
  url       = {http://arxiv.org/abs/1605.06409},
  timestamp = {Wed, 01 Jun 2016 15:51:08 +0200},
  biburl    = {http://dblp.uni-trier.de/rec/bib/journals/corr/DaiLHS16},
  bibsource = {dblp computer science bibliography, http://dblp.org}
}
@ARTICLE{visualTrackingSurvey, 
author={A. W. M. Smeulders and D. M. Chu and R. Cucchiara and S. Calderara and A. Dehghan and M. Shah}, 
journal={IEEE Transactions on Pattern Analysis and Machine Intelligence}, 
title={Visual Tracking: An Experimental Survey}, 
year={2014}, 
volume={36}, 
number={7}, 
pages={1442-1468}, 
doi={10.1109/TPAMI.2013.230}, 
ISSN={0162-8828}, 
month={July},}

@ARTICLE{klt,
    author = {Simon Baker and Ralph Gross and Iain Matthews},
    title = {Lucas-Kanade 20 Years On: A Unifying Framework: Part 3},
    journal = {International Journal of Computer Vision},
    year = {2002},
    volume = {56},
    pages = {221--255}
}
@MISC{meanshift,
    author = {Dorin Comaniciu and Visvanathan Ramesh and Peter Meer},
    title = { Real-Time Tracking of Non-Rigid Objects using Mean Shift},
    year = {2000}
}
@ARTICLE{tld,
    author = {Zdenek Kalal and Krystian Mikolajczyk and Jiri Matas},
    title = {Tracking-learning-detection},
    journal = {IEEE Transactions on Pattern Analysis and Machine Intelligence},
    year = {2012},
    pages = {1409--1422}
}
@ARTICLE{struc, 
author={S. Hare and S. Golodetz and A. Saffari and V. Vineet and M. M. Cheng and S. L. Hicks and P. H. S. Torr}, 
journal={IEEE Transactions on Pattern Analysis and Machine Intelligence}, 
title={Struck: Structured Output Tracking with Kernels}, 
year={2016}, 
volume={38}, 
number={10}, 
pages={2096-2109},
doi={10.1109/TPAMI.2015.2509974}, 
ISSN={0162-8828}, 
month={Oct},}

@inproceedings{dataAsso1,
  title={Global data association for multi-object tracking using network flows},
  author={Zhang, Li and Li, Yuan and Nevatia, Ramakant},
  booktitle={Computer Vision and Pattern Recognition, 2008. CVPR 2008. IEEE Conference on},
  pages={1--8},
  year={2008},
  organization={IEEE}
}
@article{dataAsso2,
  title={Continuous energy minimization for multitarget tracking},
  author={Milan, Anton and Roth, Stefan and Schindler, Konrad},
  journal={IEEE transactions on pattern analysis and machine intelligence},
  volume={36},
  number={1},
  pages={58--72},
  year={2014},
  publisher={IEEE}
}
@article{deep1,
  author    = {Hyeonseob Nam and
               Bohyung Han},
  title     = {Learning Multi-Domain Convolutional Neural Networks for Visual Tracking},
  journal   = {CoRR},
  volume    = {abs/1510.07945},
  year      = {2015},
  url       = {http://arxiv.org/abs/1510.07945},
  timestamp = {Sun, 01 Nov 2015 17:30:45 +0100},
  biburl    = {http://dblp.uni-trier.de/rec/bib/journals/corr/NamH15},
  bibsource = {dblp computer science bibliography, http://dblp.org}
}
@InProceedings{deep2,
author = {Danelljan, Martin and Hager, Gustav and Shahbaz Khan, Fahad and Felsberg, Michael},
title = {Learning Spatially Regularized Correlation Filters for Visual Tracking},
booktitle = {The IEEE International Conference on Computer Vision (ICCV)},
month = {December},
year = {2015}
}
@article{thrun,
  author    = {David Held and
               Sebastian Thrun and
               Silvio Savarese},
  title     = {Learning to Track at 100 {FPS} with Deep Regression Networks},
  journal   = {CoRR},
  volume    = {abs/1604.01802},
  year      = {2016},
  url       = {http://arxiv.org/abs/1604.01802},
  timestamp = {Mon, 02 May 2016 18:22:52 +0200},
  biburl    = {http://dblp.uni-trier.de/rec/bib/journals/corr/HeldTS16},
  bibsource = {dblp computer science bibliography, http://dblp.org}
}

@article{trackingSiamese,
  author    = {Ran Tao and
               Efstratios Gavves and
               Arnold W. M. Smeulders},
  title     = {Siamese Instance Search for Tracking},
  journal   = {CoRR},
  volume    = {abs/1605.05863},
  year      = {2016},
  url       = {http://arxiv.org/abs/1605.05863},
  timestamp = {Wed, 01 Jun 2016 15:51:08 +0200},
  biburl    = {http://dblp.uni-trier.de/rec/bib/journals/corr/TaoGS16},
  bibsource = {dblp computer science bibliography, http://dblp.org}
}
@inproceedings{harris,
  title={A combined corner and edge detector.},
  author={Harris, Chris and Stephens, Mike},
  booktitle={Alvey vision conference},
  volume={15},
  number={50},
  pages={10--5244},
  year={1988},
  organization={Citeseer}
}
@inproceedings{pairwise,
 author = {Mignon, Alexis},
 title = {PCCA: A New Approach for Distance Learning from Sparse Pairwise Constraints},
 booktitle = {Proceedings of the 2012 IEEE Conference on Computer Vision and Pattern Recognition (CVPR)},
 series = {CVPR '12},
 year = {2012},
 isbn = {978-1-4673-1226-4},
 pages = {2666--2672},
 numpages = {7},
 url = {http://dl.acm.org/citation.cfm?id=2354409.2354975},
 acmid = {2354975},
 publisher = {IEEE Computer Society},
 address = {Washington, DC, USA},
 keywords = {Training,Measurement,Face,Kernel,Histograms,Training data,Vectors},
} 

@article{bagword,
 author = {van de Weijer, Joost and Schmid, Cordelia and Verbeek, Jakob and Larlus, Diane},
 title = {Learning Color Names for Real-world Applications},
 journal = {Trans. Img. Proc.},
 issue_date = {July 2009},
 volume = {18},
 number = {7},
 month = jul,
 year = {2009},
 issn = {1057-7149},
 pages = {1512--1523},
 numpages = {12},
 url = {http://dx.doi.org/10.1109/TIP.2009.2019809},
 doi = {10.1109/TIP.2009.2019809},
 acmid = {1657325},
 publisher = {IEEE Press},
 address = {Piscataway, NJ, USA},
 keywords = {Color naming, color naming, image annotation, image retrieval, probabilistic latent semantic analysis},
} 
@INPROCEEDINGS{sift, 
author={R. Zhao and W. Ouyang and X. Wang}, 
booktitle={2014 IEEE Conference on Computer Vision and Pattern Recognition}, 
title={Learning Mid-level Filters for Person Re-identification}, 
year={2014}, 
pages={144-151}, 
keywords={filtering theory;image matching;image representation;learning (artificial intelligence);pattern clustering;support vector machines;trees (mathematics);CUHK01 dataset;RankSVM training;VIPeR dataset;cross-view invariance;cross-view training strategy;discriminative patches;handcrafted low-level features;hierarchical clustering trees;learned mid-level features;local patches;mid-level filter learning;patch clusters;patch matching scores;person re-identification;rank-1 matching rate;representative patches;visual pattern identification;Cameras;Image color analysis;Matched filters;Quantization (signal);Robustness;Training;Visualization;Mid-level filter;person re-identification}, 
doi={10.1109/CVPR.2014.26}, 
ISSN={1063-6919}, 
month={June},}

@Inbook{lbp,
author="Gray, Douglas
and Tao, Hai",
editor="Forsyth, David
and Torr, Philip
and Zisserman, Andrew",
title="Viewpoint Invariant Pedestrian Recognition with an Ensemble of Localized Features",
bookTitle="Computer Vision -- ECCV 2008: 10th European Conference on Computer Vision, Marseille, France, October 12-18, 2008, Proceedings, Part I",
year="2008",
publisher="Springer Berlin Heidelberg",
address="Berlin, Heidelberg",
pages="262--275",
isbn="978-3-540-88682-2",
doi="10.1007/978-3-540-88682-2_21",
url="http://dx.doi.org/10.1007/978-3-540-88682-2_21"
}
@INPROCEEDINGS{kiisme, 
author={M. Köstinger and M. Hirzer and P. Wohlhart and P. M. Roth and H. Bischof}, 
booktitle={2012 IEEE Conference on Computer Vision and Pattern Recognition}, 
title={Large scale metric learning from equivalence constraints}, 
year={2012}, 
pages={2288-2295},
doi={10.1109/CVPR.2012.6247939}, 
ISSN={1063-6919}, 
month={June},}

@article{lnnn,
 author = {Weinberger, Kilian Q. and Saul, Lawrence K.},
 title = {Distance Metric Learning for Large Margin Nearest Neighbor Classification},
 journal = {J. Mach. Learn. Res.},
 issue_date = {12/1/2009},
 volume = {10},
 month = jun,
 year = {2009},
 issn = {1532-4435},
 pages = {207--244},
 numpages = {38},
 url = {http://dl.acm.org/citation.cfm?id=1577069.1577078},
 acmid = {1577078},
 publisher = {JMLR.org},
} 

@article{lda,
  author    = {Shengcai Liao and
               Yang Hu and
               Stan Z. Li},
  title     = {Joint Dimension Reduction and Metric Learning for Person Re-identification},
  journal   = {CoRR},
  volume    = {abs/1406.4216},
  year      = {2014},
  url       = {http://arxiv.org/abs/1406.4216},
  timestamp = {Tue, 01 Jul 2014 11:58:08 +0200},
  biburl    = {http://dblp.uni-trier.de/rec/bib/journals/corr/LiaoHL14},
  bibsource = {dblp computer science bibliography, http://dblp.org}
}
@article{patch1,
  author    = {Sergey Zagoruyko and
               Nikos Komodakis},
  title     = {Learning to Compare Image Patches via Convolutional Neural Networks},
  journal   = {CoRR},
  volume    = {abs/1504.03641},
  year      = {2015},
  url       = {http://arxiv.org/abs/1504.03641},
  timestamp = {Sat, 02 May 2015 17:50:32 +0200},
  biburl    = {http://dblp.uni-trier.de/rec/bib/journals/corr/ZagoruykoK15},
  bibsource = {dblp computer science bibliography, http://dblp.org}
}

@article{patch2,
  author    = {Philipp Fischer and
               Alexey Dosovitskiy and
               Eddy Ilg and
               Philip H{\"{a}}usser and
               Caner Hazirbas and
               Vladimir Golkov and
               Patrick van der Smagt and
               Daniel Cremers and
               Thomas Brox},
  title     = {FlowNet: Learning Optical Flow with Convolutional Networks},
  journal   = {CoRR},
  volume    = {abs/1504.06852},
  year      = {2015},
  url       = {http://arxiv.org/abs/1504.06852},
  timestamp = {Sat, 02 May 2015 17:50:32 +0200},
  biburl    = {http://dblp.uni-trier.de/rec/bib/journals/corr/FischerDIHHGSCB15},
  bibsource = {dblp computer science bibliography, http://dblp.org}
}
@article{patch3,
  author    = {Laura Leal{-}Taix{\'{e}} and
               Cristian Canton{-}Ferrer and
               Konrad Schindler},
  title     = {Learning by tracking: Siamese {CNN} for robust target association},
  journal   = {CoRR},
  volume    = {abs/1604.07866},
  year      = {2016},
  url       = {http://arxiv.org/abs/1604.07866},
  timestamp = {Mon, 02 May 2016 18:22:52 +0200},
  biburl    = {http://dblp.uni-trier.de/rec/bib/journals/corr/Leal-TaixeCS16},
  bibsource = {dblp computer science bibliography, http://dblp.org}
}
@misc{EC1,
  author       = {{M. Chatterjee, Y. Luo}},
  title        = {Similarity Learning with CNN},
  year         = {2016},
  howpublished = {\url{http://slazebni.cs.illinois.edu/spring17/lec09_similarity.pdf} [2016-12-15]},
}
@INPROCEEDINGS{siamLecun,
    author = {Jane Bromley and Isabelle Guyon and Yann Lecun and Eduard Säckinger and Roopak Shah},
    title = {Signature Verification using a "Siamese" Time Delay Neural Network},
    booktitle = {In NIPS Proc},
    year = {1994}
}
@INPROCEEDINGS{siameLecun2, 
author={S. Chopra and R. Hadsell and Y. LeCun}, 
booktitle={2005 IEEE Computer Society Conference on Computer Vision and Pattern Recognition (CVPR'05)}, 
title={Learning a similarity metric discriminatively, with application to face verification}, 
year={2005}, 
volume={1}, 
pages={539-546 vol. 1},
doi={10.1109/CVPR.2005.202}, 
ISSN={1063-6919}, 
month={June},}

@InProceedings{siameDescri,
author = {Simo-Serra, Edgar and Trulls, Eduard and Ferraz, Luis and Kokkinos, Iasonas and Fua, Pascal and Moreno-Noguer, Francesc},
title = {Discriminative Learning of Deep Convolutional Feature Point Descriptors},
booktitle = {The IEEE International Conference on Computer Vision (ICCV)},
month = {December},
year = {2015}
}
@inproceedings{siameseOne,
  title={Siamese Neural Networks for One-shot Image Recognition},
  author={Gregory Koch and Richard Zemel and Ruslan Salakhutdinov},
  year={2015}
}
@article{siameseQuer,
  author    = {Nam N. Vo and
               James Hays},
  title     = {Localizing and Orienting Street Views Using Overhead Imagery},
  journal   = {CoRR},
  volume    = {abs/1608.00161},
  year      = {2016},
  url       = {http://arxiv.org/abs/1608.00161},
  timestamp = {Fri, 02 Sep 2016 17:46:24 +0200},
  biburl    = {http://dblp.uni-trier.de/rec/bib/journals/corr/VoH16},
  bibsource = {dblp computer science bibliography, http://dblp.org}
}
@article{siamesSImi,
  Author = {Sean Bell and Kavita Bala},
  journal = {ACM Trans. on Graphics (SIGGRAPH)},
  title = {Learning Visual Similarity for Product Design with Convolutional Neural Networks},
  volume = {34},
  number = {4},
  Year = {2015}
}
@Inbook{faceCMC,
author="Grother, Patrick
and Micheals, Ross J.
and Phillips, P. Jonathon",
editor="Kittler, Josef
and Nixon, Mark S.",
title="Face Recognition Vendor Test 2002 Performance Metrics",
bookTitle="Audio- and Video-Based Biometric Person Authentication: 4th International Conference, AVBPA 2003 Guildford, UK, June 9--11, 2003 Proceedings",
year="2003",
publisher="Springer Berlin Heidelberg",
address="Berlin, Heidelberg",
pages="937--945",
isbn="978-3-540-44887-7",
doi="10.1007/3-540-44887-X_109",
url="http://dx.doi.org/10.1007/3-540-44887-X_109"
}

@inproceedings{market,
  title={Scalable Person Re-identification: A Benchmark},
  author={Zheng, Liang and Shen, Liyue and Tian, Lu and Wang, Shengjin and Wang, Jingdong and Tian, Qi},
  booktitle={Computer Vision, IEEE International Conference on},
  year={2015}
}
@misc{viper,
  author       = {{UC Santa Cruz}},
  title        = {VIPeR: Viewpoint invariant pedestrian recognition},
  year         = {2007},
  howpublished = {\url{https://vision.soe.ucsc.edu/node/178} [2016-12-15]},
}
@ARTICLE{lids, 
author={T. Wang and S. Gong and X. Zhu and S. Wang}, 
journal={IEEE Transactions on Pattern Analysis and Machine Intelligence}, 
title={Person Re-Identification by Discriminative Selection in Video Ranking}, 
year={2016}, 
volume={38}, 
number={12}, 
pages={2501-2514}, 
doi={10.1109/TPAMI.2016.2522418}, 
ISSN={0162-8828}, 
month={Dec},}

@misc{grid,
  author       = {{University of London}},
  title        = {QMUL underGround Re-IDentification},
  year         = {2009},
  howpublished = {\url{http://personal.ie.cuhk.edu.hk/~ccloy/downloads_qmul_underground_reid.html} [2016-12-15]},
}
@INPROCEEDINGS{caviar,
    author = {Doug Gray and Shane Brennan and Hai Tao},
    title = {Evaluating appearance models for recognition, reacquisition, and tracking},
    booktitle = {In IEEE International Workshop on Performance Evaluation for Tracking and Surveillance, Rio de Janeiro},
    year = {2007}
}
@Inbook{cuk1,
author="Li, Wei
and Zhao, Rui
and Wang, Xiaogang",
editor="Lee, Kyoung Mu
and Matsushita, Yasuyuki
and Rehg, James M.
and Hu, Zhanyi",
title="Human Reidentification with Transferred Metric Learning",
bookTitle="Computer Vision -- ACCV 2012: 11th Asian Conference on Computer Vision, Daejeon, Korea, November 5-9, 2012, Revised Selected Papers, Part I",
year="2013",
publisher="Springer Berlin Heidelberg",
address="Berlin, Heidelberg",
pages="31--44",
isbn="978-3-642-37331-2",
doi="10.1007/978-3-642-37331-2_3",
url="http://dx.doi.org/10.1007/978-3-642-37331-2_3"
}
@INPROCEEDINGS{cuk2, 
author={W. Li and X. Wang}, 
booktitle={2013 IEEE Conference on Computer Vision and Pattern Recognition}, 
title={Locally Aligned Feature Transforms across Views}, 
year={2013}, 
pages={3594-3601},
doi={10.1109/CVPR.2013.461}, 
ISSN={1063-6919}, 
month={June},}

@INPROCEEDINGS{cuk3, 
author={W. Li and R. Zhao and T. Xiao and X. Wang}, 
booktitle={2014 IEEE Conference on Computer Vision and Pattern Recognition}, 
title={DeepReID: Deep Filter Pairing Neural Network for Person Re-identification}, 
year={2014}, 
pages={152-159},
doi={10.1109/CVPR.2014.27}, 
ISSN={1063-6919}, 
month={June},}
@Inbook{prid450,
author="Roth, Peter M.
and Hirzer, Martin
and K{\"o}stinger, Martin
and Beleznai, Csaba
and Bischof, Horst",
editor="Gong, Shaogang
and Cristani, Marco
and Yan, Shuicheng
and Loy, Chen Change",
title="Mahalanobis Distance Learning for Person Re-identification",
bookTitle="Person Re-Identification",
year="2014",
publisher="Springer London",
address="London",
pages="247--267",
isbn="978-1-4471-6296-4",
doi="10.1007/978-1-4471-6296-4_12",
url="http://dx.doi.org/10.1007/978-1-4471-6296-4_12"
}
@INPROCEEDINGS{raid, 
author={N. Martinel and C. Micheloni}, 
booktitle={2012 IEEE Computer Society Conference on Computer Vision and Pattern Recognition Workshops}, 
title={Re-identify people in wide area camera network}, 
year={2012}, 
pages={31-36},
doi={10.1109/CVPRW.2012.6239203}, 
ISSN={2160-7508}, 
month={June},}
@INPROCEEDINGS{prod11,
  author = {Martin Hirzer and Csaba Beleznai and Peter M. Roth and Horst Bischof},
  title = {Person Re-Identification by Descriptive and Discriminative Classification},
  booktitle = {Proc. Scandinavian Conference on Image Analysis (SCIA)},
  year = {2011},}
}
@Inbook{ward,
author="Das, Abir
and Chakraborty, Anirban
and Roy-Chowdhury, Amit K.",
editor="Fleet, David
and Pajdla, Tomas
and Schiele, Bernt
and Tuytelaars, Tinne",
title="Consistent Re-identification in a Camera Network",
bookTitle="Computer Vision -- ECCV 2014: 13th European Conference, Zurich, Switzerland, September 6-12, 2014, Proceedings, Part II",
year="2014",
publisher="Springer International Publishing",
address="Cham",
pages="330--345",
isbn="978-3-319-10605-2",
doi="10.1007/978-3-319-10605-2_22",}
@inproceedings{shi,
  title={Good features to track},
  author={Shi, Jianbo and Tomasi, Carlo},
  booktitle={Computer Vision and Pattern Recognition, 1994. Proceedings CVPR'94., 1994 IEEE Computer Society Conference on},
  pages={593--600},
  year={1994},
  organization={IEEE}
}
@article{pastPresent,
  author    = {Liang Zheng and
               Yi Yang and
               Alexander G. Hauptmann},
  title     = {Person Re-identification: Past, Present and Future},
  journal   = {CoRR},
  volume    = {abs/1610.02984},
  year      = {2016},
  url       = {http://arxiv.org/abs/1610.02984},
  timestamp = {Wed, 02 Nov 2016 09:51:26 +0100},
  biburl    = {http://dblp.uni-trier.de/rec/bib/journals/corr/ZhengYH16},
  bibsource = {dblp computer science bibliography, http://dblp.org}
}
@inproceedings{medianFlow,
  title={Forward-backward error: Automatic detection of tracking failures},
  author={Kalal, Zdenek and Mikolajczyk, Krystian and Matas, Jiri},
  booktitle={Pattern recognition (ICPR), 2010 20th international conference on},
  pages={2756--2759},
  year={2010},
  organization={IEEE}
}
@misc{medianFlowPython,
  author       = {{Jay Rambhia}},
  title        = {Median Flow Tracker in Python},
  journal = {GitHub repository},
  year         = {2015},
   howpublished = {\url{https://github.com/jayrambhia/MFTracker} [2015-08-15]},
}
@article{rosenblat,
  title={The perceptron: A probabilistic model for information storage and organization in the brain.},
  author={Rosenblatt, Frank},
  journal={Psychological review},
  volume={65},
  number={6},
  pages={386},
  year={1958},
  publisher={American Psychological Association}
}
@Article{McCulloch,
author="McCulloch, Warren S.
and Pitts, Walter",
title="A logical calculus of the ideas immanent in nervous activity",
journal="The bulletin of mathematical biophysics",
year="1943",
volume="5",
number="4",
pages="115--133",
issn="1522-9602",
doi="10.1007/BF02478259",
url="http://dx.doi.org/10.1007/BF02478259"
}
@misc{adaline,
  title={An adaptive ‘ADALINE’neuron using chemical ‘memistors’, 1553--1552},
  author={Widrow, B},
  year={1960},
  publisher={Stanford Electronics Laboratories}
}
@book{minsky69perceptrons,
  added-at = {2008-05-16T13:57:01.000+0200},
  address = {Cambridge, MA, USA},
  author = {Minsky, Marvin and Papert, Seymour},
  biburl = {https://www.bibsonomy.org/bibtex/206a5a6751b3e61408455fca2ed8d87fc/sb3000},
  description = {: mf : blob : » bibtex},
  interhash = {d80d4948a422623047f1b800272c0389},
  intrahash = {06a5a6751b3e61408455fca2ed8d87fc},
  keywords = {linear-classification neural-networks seminal},
  publisher = {MIT Press},
  timestamp = {2008-05-16T13:57:02.000+0200},
  title = {Perceptrons: An Introduction to Computational Geometry},
  year = 1969
}
@ARTICLE{lecunZip,
author={Y. LeCun and B. Boser and J. S. Denker and D. Henderson and R. E. Howard and W. Hubbard and L. D. Jackel},
journal={Neural Computation},
title={Backpropagation Applied to Handwritten Zip Code Recognition},
year={1989},
volume={1},
number={4},
pages={541-551},
doi={10.1162/neco.1989.1.4.541},
ISSN={0899-7667},
month={Dec},}
@incollection{Rumelhart,
 author = {Rumelhart, D. E. and Hinton, G. E. and Williams, R. J.},
 chapter = {Learning Internal Representations by Error Propagation},
 title = {Parallel Distributed Processing: Explorations in the Microstructure of Cognition, Vol. 1},
 editor = {Rumelhart, David E. and McClelland, James L. and PDP Research Group, CORPORATE},
 year = {1986},
 isbn = {0-262-68053-X},
 pages = {318--362},
 numpages = {45},
 url = {http://dl.acm.org/citation.cfm?id=104279.104293},
 acmid = {104293},
 publisher = {MIT Press},
 address = {Cambridge, MA, USA},
}
@article{Fukushima,
title = "Neocognitron: A hierarchical neural network capable of visual pattern recognition ",
journal = "Neural Networks ",
volume = "1",
number = "2",
pages = "119 - 130",
year = "1988",
note = "",
issn = "0893-6080",
doi = "https://doi.org/10.1016/0893-6080(88)90014-7",
url = "http://www.sciencedirect.com/science/article/pii/0893608088900147",
author = "Kunihiko Fukushima"
}
@article{boltzmann,
title = "A learning algorithm for boltzmann machines ",
journal = "Cognitive Science ",
volume = "9",
number = "1",
pages = "147 - 169",
year = "1985",
note = "",
issn = "0364-0213",
doi = "https://doi.org/10.1016/S0364-0213(85)80012-4",
url = "http://www.sciencedirect.com/science/article/pii/S0364021385800124",
author = "David H. Ackley and Geoffrey E. Hinton and Terrence J. Sejnowski"
}
@article{horn,
title = "Determining optical flow",
journal = "Artificial Intelligence",
volume = "17",
number = "1",
pages = "185 - 203",
year = "1981",
note = "",
issn = "0004-3702",
doi = "http://dx.doi.org/10.1016/0004-3702(81)90024-2",
url = "http://www.sciencedirect.com/science/article/pii/0004370281900242",
author = "Berthold K.P. Horn and Brian G. Schunck",

}
@incollection{alvin,
title = {ALVINN: An Autonomous Land Vehicle in a Neural Network},
author = {Pomerleau, Dean A.},
booktitle = {Advances in Neural Information Processing Systems 1},
editor = {D. S. Touretzky},
pages = {305--313},
year = {1989},
publisher = {Morgan-Kaufmann},
url = {http://papers.nips.cc/paper/95-alvinn-an-autonomous-land-vehicle-in-a-neural-network.pdf}
}
@article{Gammon,
 author = {Tesauro, Gerald},
 title = {Temporal Difference Learning and TD-Gammon},
 journal = {Commun. ACM},
 issue_date = {March 1995},
 volume = {38},
 number = {3},
 month = mar,
 year = {1995},
 issn = {0001-0782},
 pages = {58--68},
 numpages = {11},
 url = {http://doi.acm.org/10.1145/203330.203343},
 doi = {10.1145/203330.203343},
 acmid = {203343},
 publisher = {ACM},
 address = {New York, NY, USA},
}
@incollection{Waibel,
 author = {Waibel, Alexander and Hanazawa, Toshiyuki and Hinton, Geofrey and Shikano, Kiyohiro and Lang, Kevin J.},
 chapter = {Phoneme Recognition Using Time-delay Neural Networks},
 title = {Readings in Speech Recognition},
 editor = {Waibel, Alex and Lee, Kai-Fu},
 year = {1990},
 isbn = {1-55860-124-4},
 pages = {393--404},
 numpages = {12},
 url = {http://dl.acm.org/citation.cfm?id=108235.108263},
 acmid = {108263},
 publisher = {Morgan Kaufmann Publishers Inc.},
 address = {San Francisco, CA, USA},
}
@article{hinton06,
 author = {Hinton, Geoffrey E. and Osindero, Simon and Teh, Yee-Whye},
 title = {A Fast Learning Algorithm for Deep Belief Nets},
 journal = {Neural Comput.},
 issue_date = {July 2006},
 volume = {18},
 number = {7},
 month = jul,
 year = {2006},
 issn = {0899-7667},
 pages = {1527--1554},
 numpages = {28},
 url = {http://dx.doi.org/10.1162/neco.2006.18.7.1527},
 doi = {10.1162/neco.2006.18.7.1527},
 acmid = {1161605},
 publisher = {MIT Press},
 address = {Cambridge, MA, USA},
} 
@article{savaresee,
  title={Tracking The Untrackable: Learning To Track Multiple Cues with Long-Term Dependencies},
  author={Sadeghian, Amir and Alahi, Alexandre and Savarese, Silvio},
  journal={arXiv preprint arXiv:1701.01909},
  year={2017}
}
@inproceedings{LucasKana,
 author = {Lucas, Bruce D. and Kanade, Takeo},
 title = {An Iterative Image Registration Technique with an Application to Stereo Vision},
 booktitle = {Proceedings of the 7th International Joint Conference on Artificial Intelligence - Volume 2},
 series = {IJCAI'81},
 year = {1981},
 location = {Vancouver, BC, Canada},
 pages = {674--679},
 numpages = {6},
 url = {http://dl.acm.org/citation.cfm?id=1623264.1623280},
 acmid = {1623280},
 publisher = {Morgan Kaufmann Publishers Inc.},
 address = {San Francisco, CA, USA},
} 
@misc{yoloDark,
  author       = {{J. Redmon}},
  title        = {You only look once},
  journal = {GitHub repository},
  year         = {2017},
   howpublished = {\url{https://github.com/pjreddie/darknet} [2017-06-11]},
}

@misc{repoPieras,
  author       = {{M. Pieras}},
  title        = {GitHub TFM: Marcos Pieras},
  journal = {GitHub repository},
  year         = {2017},
   howpublished = {\url{https://github.com/RoboticsURJC-students/2015-TFM-Marcos-Pieras} [2017-06-11]},
}
@misc{wikiPieras,
  author       = {{M. Pieras}},
  title        = {Wiki JdeRobot: Marcos Pieras},
  journal = {GitHub repository},
  year         = {2017},
   howpublished = {\url{http://jderobot.org/Marcospieras-tfm} [2017-06-11]},
}
@misc{ssdCode,
  author       = {{Paul B.}},
  title        = {Single shot detector TensorFlow},
  journal = {GitHub repository},
  year         = {2017},
   howpublished = {\url{https://github.com/balancap/SSD-Tensorflow} [2017-02-21]},
}
@misc{ssdCode2,
  author       = {{Wei Lee}},
  title        = {Single shot detector Caffe},
  journal = {GitHub repository},
  year         = {2017},
   howpublished = {\url{https://github.com/weiliu89} [2017-02-21]},
}
@misc{townCenter,
  author       = {{University of Oxford}},
  title        = {Town centre dataset},
  journal = {Active vision laboratory},
  year         = {2011},
   howpublished = {\url{http://www.robots.ox.ac.uk/ActiveVision/Research/Projects/2009bbenfold_headpose/project.html#datasets} [2017-02-21]},
}
@proceeding{trackNcc,
author = {Briechle, Kai and Hanebeck, Uwe D.},
title = {Template matching using fast normalized cross correlation},
journal = {Proc. SPIE},
volume = {4387},
number = {},
pages = {95-102},
year = {2001},
doi = {10.1117/12.421129},
URL = { http://dx.doi.org/10.1117/12.421129},
eprint = {}
}
@article{tld,
  title={Tracking-learning-detection},
  author={Kalal, Zdenek and Mikolajczyk, Krystian and Matas, Jiri},
  journal={IEEE transactions on pattern analysis and machine intelligence},
  volume={34},
  number={7},
  pages={1409--1422},
  year={2012},
  publisher={IEEE}
}
@article{alien,
  title={Object tracking by oversampling local features},
  author={Pernici, Federico and Del Bimbo, Alberto},
  journal={IEEE transactions on pattern analysis and machine intelligence},
  volume={36},
  number={12},
  pages={2538--2551},
  year={2014},
  publisher={IEEE}
}
@ARTICLE{kalmm,
author={H. T. Nguyen and A. W. M. Smeulders},
journal={IEEE Transactions on Pattern Analysis and Machine Intelligence},
title={Fast occluded object tracking by a robust appearance filter},
year={2004},
volume={26},
number={8},
pages={1099-1104},
doi={10.1109/TPAMI.2004.45},
ISSN={0162-8828},
month={Aug},}
@misc{tensorObjectdte,
  author       = {{Alphabet Inc.}},
  title        = {Object detetection in TensorFlow},
  journal = {GitHub repository},
  year         = {2017},
   howpublished = {\url{https://github.com/tensorflow/models/tree/master/object_detection} [2017-02-21]},
}
@inproceedings{spd,
  title={Exploit all the layers: Fast and accurate cnn object detector with scale dependent pooling and cascaded rejection classifiers},
  author={Yang, Fan and Choi, Wongun and Lin, Yuanqing},
  booktitle={Proceedings of the IEEE Conference on Computer Vision and Pattern Recognition},
  pages={2129--2137},
  year={2016}
}
@misc{tensorObjectdte,
  author       = {{University of Oxford}},
  title        = {Pascal VOC07},
  journal = {Website},
  year         = {2017},
   howpublished = {\url{http://host.robots.ox.ac.uk/pascal/VOC/voc2007/index.html} [2017-02-21]},
}
@misc{voc07website,
  author       = {{University of Oxford}},
  title        = {Pascal VOC07},
  journal = {Website},
  year         = {2017},
   howpublished = {\url{http://host.robots.ox.ac.uk/pascal/VOC/voc2007/index.html} [2017-02-21]},
}
@misc{voc12website,
  author       = {{University of Oxford}},
  title        = {Pascal VOC12},
  journal = {Website},
  year         = {2017},
   howpublished = {\url{http://host.robots.ox.ac.uk/pascal/VOC/voc2012/index.html} [2017-02-21]},
}
@misc{imagenetWebsite,
  author       = {{Stanford University}},
  title        = {ImageNet},
  journal = {Website},
  year         = {2017},
   howpublished = {\url{http://www.image-net.org/} [2017-02-21]},
}
@misc{cocoWebsite,
  author       = {{Microsoft Inc.}},
  title        = {Microsoft COCO challenge},
  journal = {Website},
  year         = {2017},
   howpublished = {\url{http://mscoco.org/} [2017-02-21]},
}
@misc{motResults,
  author       = {{MOTChallenge}},
  title        = {MOT 16 results},
  journal = {Website},
  year         = {2017},
   howpublished = {\url{https://motchallenge.net/results/MOT16/} [2017-02-21]},
}
@INPROCEEDINGS{dpnms,
author={H. Pirsiavash and D. Ramanan and C. C. Fowlkes},
booktitle={CVPR 2011},
title={Globally-optimal greedy algorithms for tracking a variable number of objects},
year={2011},
pages={1201-1208},
doi={10.1109/CVPR.2011.5995604},
ISSN={1063-6919},
month={June},}
@article{cem,
	author = {Milan, A. and Roth, S. and Schindler, K.},	
	title = {Continuous Energy Minimization for Multitarget Tracking},
	volume = {36},
	issn = {0162-8828},
	doi = {10.1109/TPAMI.2013.103},
	number = {1},
	journal = {IEEE TPAMI},
	year = {2014},
	pages = {58--72}
}
@misc{amazonturk,
  author       = {{Amazon Inc.}},
  title        = {Amazon Mechanical Turk},
  journal = {Website},
  year         = {2017},
   howpublished = {\url{https://www.mturk.com/mturk/welcome} [2017-02-21]},
}
@inproceedings{hemethod,
 author = {He, Kaiming and Zhang, Xiangyu and Ren, Shaoqing and Sun, Jian},
 title = {Delving Deep into Rectifiers: Surpassing Human-Level Performance on ImageNet Classification},
 booktitle = {Proceedings of the 2015 IEEE International Conference on Computer Vision (ICCV)},
 series = {ICCV '15},
 year = {2015},
 isbn = {978-1-4673-8391-2},
 pages = {1026--1034},
 numpages = {9},
 url = {http://dx.doi.org/10.1109/ICCV.2015.123},
 doi = {10.1109/ICCV.2015.123},
 acmid = {2919814},
 publisher = {IEEE Computer Society},
 address = {Washington, DC, USA},
}
@article{inception33,
  author    = {Christian Szegedy and
               Vincent Vanhoucke and
               Sergey Ioffe and
               Jonathon Shlens and
               Zbigniew Wojna},
  title     = {Rethinking the Inception Architecture for Computer Vision},
  journal   = {CoRR},
  volume    = {abs/1512.00567},
  year      = {2015},
  url       = {http://arxiv.org/abs/1512.00567},
  timestamp = {Wed, 07 Jun 2017 14:40:22 +0200},
  biburl    = {http://dblp.uni-trier.de/rec/bib/journals/corr/SzegedyVISW15},
  bibsource = {dblp computer science bibliography, http://dblp.org}
}
@INPROCEEDINGS{smot,
author={C. Dicle and O. I. Camps and M. Sznaier},
booktitle={2013 IEEE International Conference on Computer Vision},
title={The Way They Move: Tracking Multiple Targets with Similar Appearance},
year={2013},
pages={2304-2311},
doi={10.1109/ICCV.2013.286},
ISSN={1550-5499},
month={Dec},}
@article{lmp,
  author    = {Siyu Tang and
               Bjoern Andres and
               Mykhaylo Andriluka and
               Bernt Schiele},
  title     = {Multi-Person Tracking by Multicut and Deep Matching},
  journal   = {CoRR},
  volume    = {abs/1608.05404},
  year      = {2016},
  url       = {http://arxiv.org/abs/1608.05404},
  timestamp = {Wed, 07 Jun 2017 14:40:42 +0200},
  biburl    = {http://dblp.uni-trier.de/rec/bib/journals/corr/TangAAS16},
  bibsource = {dblp computer science bibliography, http://dblp.org}
}
@INPROCEEDINGS{ahmed, 
author={E. Ahmed and M. Jones and T. K. Marks}, 
booktitle={2015 IEEE Conference on Computer Vision and Pattern Recognition (CVPR)}, 
title={An improved deep learning architecture for person re-identification}, 
year={2015}, 
pages={3908-3916},
doi={10.1109/CVPR.2015.7299016}, 
ISSN={1063-6919}, 
month={June},}